%YAML 1.1
%TAG !u! tag:unity3d.com,2011:
--- !u!1 &4838862366070609435
GameObject:
  m_ObjectHideFlags: 0
  m_CorrespondingSourceObject: {fileID: 0}
  m_PrefabInstance: {fileID: 0}
  m_PrefabAsset: {fileID: 0}
  serializedVersion: 6
  m_Component:
  - component: {fileID: 4838862366070609434}
  m_Layer: 0
  m_Name: V_Shape
  m_TagString: Untagged
  m_Icon: {fileID: 0}
  m_NavMeshLayer: 0
  m_StaticEditorFlags: 0
  m_IsActive: 1
--- !u!4 &4838862366070609434
Transform:
  m_ObjectHideFlags: 0
  m_CorrespondingSourceObject: {fileID: 0}
  m_PrefabInstance: {fileID: 0}
  m_PrefabAsset: {fileID: 0}
  m_GameObject: {fileID: 4838862366070609435}
  m_LocalRotation: {x: 0, y: 0, z: 0, w: 1}
  m_LocalPosition: {x: 0, y: 60, z: -0.7700709}
  m_LocalScale: {x: 1, y: 1, z: 1}
  m_Children:
  - {fileID: 4262885698597720790}
  - {fileID: 4262885698622892201}
  - {fileID: 4262885698618925886}
  - {fileID: 4262885698697636410}
  - {fileID: 4262885699201936738}
  - {fileID: 4262885700602804001}
  - {fileID: 4262885699491474428}
  - {fileID: 4262885699863533692}
  - {fileID: 4262885699011098198}
  - {fileID: 4262885700378863345}
  - {fileID: 4262885698867872632}
  m_Father: {fileID: 0}
  m_RootOrder: 0
  m_LocalEulerAnglesHint: {x: 0, y: 0, z: 0}
--- !u!1001 &4838862365039761887
PrefabInstance:
  m_ObjectHideFlags: 0
  serializedVersion: 2
  m_Modification:
    m_TransformParent: {fileID: 4838862366070609434}
    m_Modifications:
    - target: {fileID: 8651371292403314425, guid: 4aae0964802a3c04d960869157baa41d,
        type: 3}
      propertyPath: m_Name
      value: Peg (5)
      objectReference: {fileID: 0}
    - target: {fileID: 8651371292403314430, guid: 4aae0964802a3c04d960869157baa41d,
        type: 3}
      propertyPath: m_LocalPosition.x
      value: 25
      objectReference: {fileID: 0}
    - target: {fileID: 8651371292403314430, guid: 4aae0964802a3c04d960869157baa41d,
        type: 3}
      propertyPath: m_LocalPosition.y
      value: 12.5
      objectReference: {fileID: 0}
    - target: {fileID: 8651371292403314430, guid: 4aae0964802a3c04d960869157baa41d,
        type: 3}
      propertyPath: m_LocalPosition.z
      value: 0
      objectReference: {fileID: 0}
    - target: {fileID: 8651371292403314430, guid: 4aae0964802a3c04d960869157baa41d,
        type: 3}
      propertyPath: m_LocalRotation.x
      value: -0
      objectReference: {fileID: 0}
    - target: {fileID: 8651371292403314430, guid: 4aae0964802a3c04d960869157baa41d,
        type: 3}
      propertyPath: m_LocalRotation.y
      value: -0
      objectReference: {fileID: 0}
    - target: {fileID: 8651371292403314430, guid: 4aae0964802a3c04d960869157baa41d,
        type: 3}
      propertyPath: m_LocalRotation.z
      value: -0
      objectReference: {fileID: 0}
    - target: {fileID: 8651371292403314430, guid: 4aae0964802a3c04d960869157baa41d,
        type: 3}
      propertyPath: m_LocalRotation.w
      value: 1
      objectReference: {fileID: 0}
    - target: {fileID: 8651371292403314430, guid: 4aae0964802a3c04d960869157baa41d,
        type: 3}
      propertyPath: m_RootOrder
      value: 5
      objectReference: {fileID: 0}
    - target: {fileID: 8651371292403314430, guid: 4aae0964802a3c04d960869157baa41d,
        type: 3}
      propertyPath: m_LocalEulerAnglesHint.x
      value: 0
      objectReference: {fileID: 0}
    - target: {fileID: 8651371292403314430, guid: 4aae0964802a3c04d960869157baa41d,
        type: 3}
      propertyPath: m_LocalEulerAnglesHint.y
      value: 0
      objectReference: {fileID: 0}
    - target: {fileID: 8651371292403314430, guid: 4aae0964802a3c04d960869157baa41d,
        type: 3}
      propertyPath: m_LocalEulerAnglesHint.z
      value: 0
      objectReference: {fileID: 0}
    m_RemovedComponents: []
  m_SourcePrefab: {fileID: 100100000, guid: 4aae0964802a3c04d960869157baa41d, type: 3}
--- !u!4 &4262885700602804001 stripped
Transform:
  m_CorrespondingSourceObject: {fileID: 8651371292403314430, guid: 4aae0964802a3c04d960869157baa41d,
    type: 3}
  m_PrefabInstance: {fileID: 4838862365039761887}
  m_PrefabAsset: {fileID: 0}
--- !u!1001 &4838862365264611343
PrefabInstance:
  m_ObjectHideFlags: 0
  serializedVersion: 2
  m_Modification:
    m_TransformParent: {fileID: 4838862366070609434}
    m_Modifications:
    - target: {fileID: 8651371292403314425, guid: 4aae0964802a3c04d960869157baa41d,
        type: 3}
      propertyPath: m_Name
      value: Peg (9)
      objectReference: {fileID: 0}
    - target: {fileID: 8651371292403314430, guid: 4aae0964802a3c04d960869157baa41d,
        type: 3}
      propertyPath: m_LocalPosition.x
      value: -10
      objectReference: {fileID: 0}
    - target: {fileID: 8651371292403314430, guid: 4aae0964802a3c04d960869157baa41d,
        type: 3}
      propertyPath: m_LocalPosition.y
      value: 5
      objectReference: {fileID: 0}
    - target: {fileID: 8651371292403314430, guid: 4aae0964802a3c04d960869157baa41d,
        type: 3}
      propertyPath: m_LocalPosition.z
      value: 0
      objectReference: {fileID: 0}
    - target: {fileID: 8651371292403314430, guid: 4aae0964802a3c04d960869157baa41d,
        type: 3}
      propertyPath: m_LocalRotation.x
      value: -0
      objectReference: {fileID: 0}
    - target: {fileID: 8651371292403314430, guid: 4aae0964802a3c04d960869157baa41d,
        type: 3}
      propertyPath: m_LocalRotation.y
      value: -0
      objectReference: {fileID: 0}
    - target: {fileID: 8651371292403314430, guid: 4aae0964802a3c04d960869157baa41d,
        type: 3}
      propertyPath: m_LocalRotation.z
      value: -0
      objectReference: {fileID: 0}
    - target: {fileID: 8651371292403314430, guid: 4aae0964802a3c04d960869157baa41d,
        type: 3}
      propertyPath: m_LocalRotation.w
      value: 1
      objectReference: {fileID: 0}
    - target: {fileID: 8651371292403314430, guid: 4aae0964802a3c04d960869157baa41d,
        type: 3}
      propertyPath: m_RootOrder
      value: 9
      objectReference: {fileID: 0}
    - target: {fileID: 8651371292403314430, guid: 4aae0964802a3c04d960869157baa41d,
        type: 3}
      propertyPath: m_LocalEulerAnglesHint.x
      value: 0
      objectReference: {fileID: 0}
    - target: {fileID: 8651371292403314430, guid: 4aae0964802a3c04d960869157baa41d,
        type: 3}
      propertyPath: m_LocalEulerAnglesHint.y
      value: 0
      objectReference: {fileID: 0}
    - target: {fileID: 8651371292403314430, guid: 4aae0964802a3c04d960869157baa41d,
        type: 3}
      propertyPath: m_LocalEulerAnglesHint.z
      value: 0
      objectReference: {fileID: 0}
    m_RemovedComponents: []
  m_SourcePrefab: {fileID: 100100000, guid: 4aae0964802a3c04d960869157baa41d, type: 3}
--- !u!4 &4262885700378863345 stripped
Transform:
  m_CorrespondingSourceObject: {fileID: 8651371292403314430, guid: 4aae0964802a3c04d960869157baa41d,
    type: 3}
  m_PrefabInstance: {fileID: 4838862365264611343}
  m_PrefabAsset: {fileID: 0}
--- !u!1001 &4838862365787387522
PrefabInstance:
  m_ObjectHideFlags: 0
  serializedVersion: 2
  m_Modification:
    m_TransformParent: {fileID: 4838862366070609434}
    m_Modifications:
    - target: {fileID: 8651371292403314425, guid: 4aae0964802a3c04d960869157baa41d,
        type: 3}
      propertyPath: m_Name
      value: Peg (7)
      objectReference: {fileID: 0}
    - target: {fileID: 8651371292403314430, guid: 4aae0964802a3c04d960869157baa41d,
        type: 3}
      propertyPath: m_LocalPosition.x
      value: -20
      objectReference: {fileID: 0}
    - target: {fileID: 8651371292403314430, guid: 4aae0964802a3c04d960869157baa41d,
        type: 3}
      propertyPath: m_LocalPosition.y
      value: 10
      objectReference: {fileID: 0}
    - target: {fileID: 8651371292403314430, guid: 4aae0964802a3c04d960869157baa41d,
        type: 3}
      propertyPath: m_LocalPosition.z
      value: 0
      objectReference: {fileID: 0}
    - target: {fileID: 8651371292403314430, guid: 4aae0964802a3c04d960869157baa41d,
        type: 3}
      propertyPath: m_LocalRotation.x
      value: -0
      objectReference: {fileID: 0}
    - target: {fileID: 8651371292403314430, guid: 4aae0964802a3c04d960869157baa41d,
        type: 3}
      propertyPath: m_LocalRotation.y
      value: -0
      objectReference: {fileID: 0}
    - target: {fileID: 8651371292403314430, guid: 4aae0964802a3c04d960869157baa41d,
        type: 3}
      propertyPath: m_LocalRotation.z
      value: -0
      objectReference: {fileID: 0}
    - target: {fileID: 8651371292403314430, guid: 4aae0964802a3c04d960869157baa41d,
        type: 3}
      propertyPath: m_LocalRotation.w
      value: 1
      objectReference: {fileID: 0}
    - target: {fileID: 8651371292403314430, guid: 4aae0964802a3c04d960869157baa41d,
        type: 3}
      propertyPath: m_RootOrder
      value: 7
      objectReference: {fileID: 0}
    - target: {fileID: 8651371292403314430, guid: 4aae0964802a3c04d960869157baa41d,
        type: 3}
      propertyPath: m_LocalEulerAnglesHint.x
      value: 0
      objectReference: {fileID: 0}
    - target: {fileID: 8651371292403314430, guid: 4aae0964802a3c04d960869157baa41d,
        type: 3}
      propertyPath: m_LocalEulerAnglesHint.y
      value: 0
      objectReference: {fileID: 0}
    - target: {fileID: 8651371292403314430, guid: 4aae0964802a3c04d960869157baa41d,
        type: 3}
      propertyPath: m_LocalEulerAnglesHint.z
      value: 0
      objectReference: {fileID: 0}
    m_RemovedComponents: []
  m_SourcePrefab: {fileID: 100100000, guid: 4aae0964802a3c04d960869157baa41d, type: 3}
--- !u!4 &4262885699863533692 stripped
Transform:
  m_CorrespondingSourceObject: {fileID: 8651371292403314430, guid: 4aae0964802a3c04d960869157baa41d,
    type: 3}
  m_PrefabInstance: {fileID: 4838862365787387522}
  m_PrefabAsset: {fileID: 0}
--- !u!1001 &4838862366160323842
PrefabInstance:
  m_ObjectHideFlags: 0
  serializedVersion: 2
  m_Modification:
    m_TransformParent: {fileID: 4838862366070609434}
    m_Modifications:
    - target: {fileID: 8651371292403314425, guid: 4aae0964802a3c04d960869157baa41d,
        type: 3}
      propertyPath: m_Name
      value: Peg (6)
      objectReference: {fileID: 0}
    - target: {fileID: 8651371292403314430, guid: 4aae0964802a3c04d960869157baa41d,
        type: 3}
      propertyPath: m_LocalPosition.x
      value: -25
      objectReference: {fileID: 0}
    - target: {fileID: 8651371292403314430, guid: 4aae0964802a3c04d960869157baa41d,
        type: 3}
      propertyPath: m_LocalPosition.y
      value: 12.5
      objectReference: {fileID: 0}
    - target: {fileID: 8651371292403314430, guid: 4aae0964802a3c04d960869157baa41d,
        type: 3}
      propertyPath: m_LocalPosition.z
      value: 0
      objectReference: {fileID: 0}
    - target: {fileID: 8651371292403314430, guid: 4aae0964802a3c04d960869157baa41d,
        type: 3}
      propertyPath: m_LocalRotation.x
      value: -0
      objectReference: {fileID: 0}
    - target: {fileID: 8651371292403314430, guid: 4aae0964802a3c04d960869157baa41d,
        type: 3}
      propertyPath: m_LocalRotation.y
      value: -0
      objectReference: {fileID: 0}
    - target: {fileID: 8651371292403314430, guid: 4aae0964802a3c04d960869157baa41d,
        type: 3}
      propertyPath: m_LocalRotation.z
      value: -0
      objectReference: {fileID: 0}
    - target: {fileID: 8651371292403314430, guid: 4aae0964802a3c04d960869157baa41d,
        type: 3}
      propertyPath: m_LocalRotation.w
      value: 1
      objectReference: {fileID: 0}
    - target: {fileID: 8651371292403314430, guid: 4aae0964802a3c04d960869157baa41d,
        type: 3}
      propertyPath: m_RootOrder
      value: 6
      objectReference: {fileID: 0}
    - target: {fileID: 8651371292403314430, guid: 4aae0964802a3c04d960869157baa41d,
        type: 3}
      propertyPath: m_LocalEulerAnglesHint.x
      value: 0
      objectReference: {fileID: 0}
    - target: {fileID: 8651371292403314430, guid: 4aae0964802a3c04d960869157baa41d,
        type: 3}
      propertyPath: m_LocalEulerAnglesHint.y
      value: 0
      objectReference: {fileID: 0}
    - target: {fileID: 8651371292403314430, guid: 4aae0964802a3c04d960869157baa41d,
        type: 3}
      propertyPath: m_LocalEulerAnglesHint.z
      value: 0
      objectReference: {fileID: 0}
    m_RemovedComponents: []
  m_SourcePrefab: {fileID: 100100000, guid: 4aae0964802a3c04d960869157baa41d, type: 3}
--- !u!4 &4262885699491474428 stripped
Transform:
  m_CorrespondingSourceObject: {fileID: 8651371292403314430, guid: 4aae0964802a3c04d960869157baa41d,
    type: 3}
  m_PrefabInstance: {fileID: 4838862366160323842}
  m_PrefabAsset: {fileID: 0}
--- !u!1001 &4838862366440424348
PrefabInstance:
  m_ObjectHideFlags: 0
  serializedVersion: 2
  m_Modification:
    m_TransformParent: {fileID: 4838862366070609434}
    m_Modifications:
    - target: {fileID: 8651371292403314425, guid: 4aae0964802a3c04d960869157baa41d,
        type: 3}
      propertyPath: m_Name
      value: Peg (4)
      objectReference: {fileID: 0}
    - target: {fileID: 8651371292403314430, guid: 4aae0964802a3c04d960869157baa41d,
        type: 3}
      propertyPath: m_LocalPosition.x
      value: 20
      objectReference: {fileID: 0}
    - target: {fileID: 8651371292403314430, guid: 4aae0964802a3c04d960869157baa41d,
        type: 3}
      propertyPath: m_LocalPosition.y
      value: 10
      objectReference: {fileID: 0}
    - target: {fileID: 8651371292403314430, guid: 4aae0964802a3c04d960869157baa41d,
        type: 3}
      propertyPath: m_LocalPosition.z
      value: 0
      objectReference: {fileID: 0}
    - target: {fileID: 8651371292403314430, guid: 4aae0964802a3c04d960869157baa41d,
        type: 3}
      propertyPath: m_LocalRotation.x
      value: -0
      objectReference: {fileID: 0}
    - target: {fileID: 8651371292403314430, guid: 4aae0964802a3c04d960869157baa41d,
        type: 3}
      propertyPath: m_LocalRotation.y
      value: -0
      objectReference: {fileID: 0}
    - target: {fileID: 8651371292403314430, guid: 4aae0964802a3c04d960869157baa41d,
        type: 3}
      propertyPath: m_LocalRotation.z
      value: -0
      objectReference: {fileID: 0}
    - target: {fileID: 8651371292403314430, guid: 4aae0964802a3c04d960869157baa41d,
        type: 3}
      propertyPath: m_LocalRotation.w
      value: 1
      objectReference: {fileID: 0}
    - target: {fileID: 8651371292403314430, guid: 4aae0964802a3c04d960869157baa41d,
        type: 3}
      propertyPath: m_RootOrder
      value: 4
      objectReference: {fileID: 0}
    - target: {fileID: 8651371292403314430, guid: 4aae0964802a3c04d960869157baa41d,
        type: 3}
      propertyPath: m_LocalEulerAnglesHint.x
      value: 0
      objectReference: {fileID: 0}
    - target: {fileID: 8651371292403314430, guid: 4aae0964802a3c04d960869157baa41d,
        type: 3}
      propertyPath: m_LocalEulerAnglesHint.y
      value: 0
      objectReference: {fileID: 0}
    - target: {fileID: 8651371292403314430, guid: 4aae0964802a3c04d960869157baa41d,
        type: 3}
      propertyPath: m_LocalEulerAnglesHint.z
      value: 0
      objectReference: {fileID: 0}
    m_RemovedComponents: []
  m_SourcePrefab: {fileID: 100100000, guid: 4aae0964802a3c04d960869157baa41d, type: 3}
--- !u!4 &4262885699201936738 stripped
Transform:
  m_CorrespondingSourceObject: {fileID: 8651371292403314430, guid: 4aae0964802a3c04d960869157baa41d,
    type: 3}
  m_PrefabInstance: {fileID: 4838862366440424348}
  m_PrefabAsset: {fileID: 0}
--- !u!1001 &4838862366631270568
PrefabInstance:
  m_ObjectHideFlags: 0
  serializedVersion: 2
  m_Modification:
    m_TransformParent: {fileID: 4838862366070609434}
    m_Modifications:
    - target: {fileID: 8651371292403314425, guid: 4aae0964802a3c04d960869157baa41d,
        type: 3}
      propertyPath: m_Name
      value: Peg (8)
      objectReference: {fileID: 0}
    - target: {fileID: 8651371292403314430, guid: 4aae0964802a3c04d960869157baa41d,
        type: 3}
      propertyPath: m_LocalPosition.x
      value: -15
      objectReference: {fileID: 0}
    - target: {fileID: 8651371292403314430, guid: 4aae0964802a3c04d960869157baa41d,
        type: 3}
      propertyPath: m_LocalPosition.y
      value: 7.5
      objectReference: {fileID: 0}
    - target: {fileID: 8651371292403314430, guid: 4aae0964802a3c04d960869157baa41d,
        type: 3}
      propertyPath: m_LocalPosition.z
      value: 0
      objectReference: {fileID: 0}
    - target: {fileID: 8651371292403314430, guid: 4aae0964802a3c04d960869157baa41d,
        type: 3}
      propertyPath: m_LocalRotation.x
      value: -0
      objectReference: {fileID: 0}
    - target: {fileID: 8651371292403314430, guid: 4aae0964802a3c04d960869157baa41d,
        type: 3}
      propertyPath: m_LocalRotation.y
      value: -0
      objectReference: {fileID: 0}
    - target: {fileID: 8651371292403314430, guid: 4aae0964802a3c04d960869157baa41d,
        type: 3}
      propertyPath: m_LocalRotation.z
      value: -0
      objectReference: {fileID: 0}
    - target: {fileID: 8651371292403314430, guid: 4aae0964802a3c04d960869157baa41d,
        type: 3}
      propertyPath: m_LocalRotation.w
      value: 1
      objectReference: {fileID: 0}
    - target: {fileID: 8651371292403314430, guid: 4aae0964802a3c04d960869157baa41d,
        type: 3}
      propertyPath: m_RootOrder
      value: 8
      objectReference: {fileID: 0}
    - target: {fileID: 8651371292403314430, guid: 4aae0964802a3c04d960869157baa41d,
        type: 3}
      propertyPath: m_LocalEulerAnglesHint.x
      value: 0
      objectReference: {fileID: 0}
    - target: {fileID: 8651371292403314430, guid: 4aae0964802a3c04d960869157baa41d,
        type: 3}
      propertyPath: m_LocalEulerAnglesHint.y
      value: 0
      objectReference: {fileID: 0}
    - target: {fileID: 8651371292403314430, guid: 4aae0964802a3c04d960869157baa41d,
        type: 3}
      propertyPath: m_LocalEulerAnglesHint.z
      value: 0
      objectReference: {fileID: 0}
    m_RemovedComponents: []
  m_SourcePrefab: {fileID: 100100000, guid: 4aae0964802a3c04d960869157baa41d, type: 3}
--- !u!4 &4262885699011098198 stripped
Transform:
  m_CorrespondingSourceObject: {fileID: 8651371292403314430, guid: 4aae0964802a3c04d960869157baa41d,
    type: 3}
  m_PrefabInstance: {fileID: 4838862366631270568}
  m_PrefabAsset: {fileID: 0}
--- !u!1001 &4838862366775635334
PrefabInstance:
  m_ObjectHideFlags: 0
  serializedVersion: 2
  m_Modification:
    m_TransformParent: {fileID: 4838862366070609434}
    m_Modifications:
    - target: {fileID: 8651371292403314425, guid: 4aae0964802a3c04d960869157baa41d,
        type: 3}
      propertyPath: m_Name
      value: Peg (10)
      objectReference: {fileID: 0}
    - target: {fileID: 8651371292403314430, guid: 4aae0964802a3c04d960869157baa41d,
        type: 3}
      propertyPath: m_LocalPosition.x
      value: -5
      objectReference: {fileID: 0}
    - target: {fileID: 8651371292403314430, guid: 4aae0964802a3c04d960869157baa41d,
        type: 3}
      propertyPath: m_LocalPosition.y
      value: 2.5
      objectReference: {fileID: 0}
    - target: {fileID: 8651371292403314430, guid: 4aae0964802a3c04d960869157baa41d,
        type: 3}
      propertyPath: m_LocalPosition.z
      value: 0
      objectReference: {fileID: 0}
    - target: {fileID: 8651371292403314430, guid: 4aae0964802a3c04d960869157baa41d,
        type: 3}
      propertyPath: m_LocalRotation.x
      value: -0
      objectReference: {fileID: 0}
    - target: {fileID: 8651371292403314430, guid: 4aae0964802a3c04d960869157baa41d,
        type: 3}
      propertyPath: m_LocalRotation.y
      value: -0
      objectReference: {fileID: 0}
    - target: {fileID: 8651371292403314430, guid: 4aae0964802a3c04d960869157baa41d,
        type: 3}
      propertyPath: m_LocalRotation.z
      value: -0
      objectReference: {fileID: 0}
    - target: {fileID: 8651371292403314430, guid: 4aae0964802a3c04d960869157baa41d,
        type: 3}
      propertyPath: m_LocalRotation.w
      value: 1
      objectReference: {fileID: 0}
    - target: {fileID: 8651371292403314430, guid: 4aae0964802a3c04d960869157baa41d,
        type: 3}
      propertyPath: m_RootOrder
      value: 10
      objectReference: {fileID: 0}
    - target: {fileID: 8651371292403314430, guid: 4aae0964802a3c04d960869157baa41d,
        type: 3}
      propertyPath: m_LocalEulerAnglesHint.x
      value: 0
      objectReference: {fileID: 0}
    - target: {fileID: 8651371292403314430, guid: 4aae0964802a3c04d960869157baa41d,
        type: 3}
      propertyPath: m_LocalEulerAnglesHint.y
      value: 0
      objectReference: {fileID: 0}
    - target: {fileID: 8651371292403314430, guid: 4aae0964802a3c04d960869157baa41d,
        type: 3}
      propertyPath: m_LocalEulerAnglesHint.z
      value: 0
      objectReference: {fileID: 0}
    m_RemovedComponents: []
  m_SourcePrefab: {fileID: 100100000, guid: 4aae0964802a3c04d960869157baa41d, type: 3}
--- !u!4 &4262885698867872632 stripped
Transform:
  m_CorrespondingSourceObject: {fileID: 8651371292403314430, guid: 4aae0964802a3c04d960869157baa41d,
    type: 3}
  m_PrefabInstance: {fileID: 4838862366775635334}
  m_PrefabAsset: {fileID: 0}
--- !u!1001 &4838862366953243844
PrefabInstance:
  m_ObjectHideFlags: 0
  serializedVersion: 2
  m_Modification:
    m_TransformParent: {fileID: 4838862366070609434}
    m_Modifications:
    - target: {fileID: 8651371292403314425, guid: 4aae0964802a3c04d960869157baa41d,
        type: 3}
      propertyPath: m_Name
      value: Peg (3)
      objectReference: {fileID: 0}
    - target: {fileID: 8651371292403314430, guid: 4aae0964802a3c04d960869157baa41d,
        type: 3}
      propertyPath: m_LocalPosition.x
      value: 15
      objectReference: {fileID: 0}
    - target: {fileID: 8651371292403314430, guid: 4aae0964802a3c04d960869157baa41d,
        type: 3}
      propertyPath: m_LocalPosition.y
      value: 7.5
      objectReference: {fileID: 0}
    - target: {fileID: 8651371292403314430, guid: 4aae0964802a3c04d960869157baa41d,
        type: 3}
      propertyPath: m_LocalPosition.z
      value: 0
      objectReference: {fileID: 0}
    - target: {fileID: 8651371292403314430, guid: 4aae0964802a3c04d960869157baa41d,
        type: 3}
      propertyPath: m_LocalRotation.x
      value: -0
      objectReference: {fileID: 0}
    - target: {fileID: 8651371292403314430, guid: 4aae0964802a3c04d960869157baa41d,
        type: 3}
      propertyPath: m_LocalRotation.y
      value: -0
      objectReference: {fileID: 0}
    - target: {fileID: 8651371292403314430, guid: 4aae0964802a3c04d960869157baa41d,
        type: 3}
      propertyPath: m_LocalRotation.z
      value: -0
      objectReference: {fileID: 0}
    - target: {fileID: 8651371292403314430, guid: 4aae0964802a3c04d960869157baa41d,
        type: 3}
      propertyPath: m_LocalRotation.w
      value: 1
      objectReference: {fileID: 0}
    - target: {fileID: 8651371292403314430, guid: 4aae0964802a3c04d960869157baa41d,
        type: 3}
      propertyPath: m_RootOrder
      value: 3
      objectReference: {fileID: 0}
    - target: {fileID: 8651371292403314430, guid: 4aae0964802a3c04d960869157baa41d,
        type: 3}
      propertyPath: m_LocalEulerAnglesHint.x
      value: 0
      objectReference: {fileID: 0}
    - target: {fileID: 8651371292403314430, guid: 4aae0964802a3c04d960869157baa41d,
        type: 3}
      propertyPath: m_LocalEulerAnglesHint.y
      value: 0
      objectReference: {fileID: 0}
    - target: {fileID: 8651371292403314430, guid: 4aae0964802a3c04d960869157baa41d,
        type: 3}
      propertyPath: m_LocalEulerAnglesHint.z
      value: 0
      objectReference: {fileID: 0}
    m_RemovedComponents: []
  m_SourcePrefab: {fileID: 100100000, guid: 4aae0964802a3c04d960869157baa41d, type: 3}
--- !u!4 &4262885698697636410 stripped
Transform:
  m_CorrespondingSourceObject: {fileID: 8651371292403314430, guid: 4aae0964802a3c04d960869157baa41d,
    type: 3}
  m_PrefabInstance: {fileID: 4838862366953243844}
  m_PrefabAsset: {fileID: 0}
--- !u!1001 &4838862367019533911
PrefabInstance:
  m_ObjectHideFlags: 0
  serializedVersion: 2
  m_Modification:
    m_TransformParent: {fileID: 4838862366070609434}
    m_Modifications:
    - target: {fileID: 8651371292403314425, guid: 4aae0964802a3c04d960869157baa41d,
        type: 3}
      propertyPath: m_Name
      value: Peg (1)
      objectReference: {fileID: 0}
    - target: {fileID: 8651371292403314430, guid: 4aae0964802a3c04d960869157baa41d,
        type: 3}
      propertyPath: m_LocalPosition.x
      value: 5
      objectReference: {fileID: 0}
    - target: {fileID: 8651371292403314430, guid: 4aae0964802a3c04d960869157baa41d,
        type: 3}
      propertyPath: m_LocalPosition.y
      value: 2.5
      objectReference: {fileID: 0}
    - target: {fileID: 8651371292403314430, guid: 4aae0964802a3c04d960869157baa41d,
        type: 3}
      propertyPath: m_LocalPosition.z
      value: 0
      objectReference: {fileID: 0}
    - target: {fileID: 8651371292403314430, guid: 4aae0964802a3c04d960869157baa41d,
        type: 3}
      propertyPath: m_LocalRotation.x
      value: -0
      objectReference: {fileID: 0}
    - target: {fileID: 8651371292403314430, guid: 4aae0964802a3c04d960869157baa41d,
        type: 3}
      propertyPath: m_LocalRotation.y
      value: -0
      objectReference: {fileID: 0}
    - target: {fileID: 8651371292403314430, guid: 4aae0964802a3c04d960869157baa41d,
        type: 3}
      propertyPath: m_LocalRotation.z
      value: -0
      objectReference: {fileID: 0}
    - target: {fileID: 8651371292403314430, guid: 4aae0964802a3c04d960869157baa41d,
        type: 3}
      propertyPath: m_LocalRotation.w
      value: 1
      objectReference: {fileID: 0}
    - target: {fileID: 8651371292403314430, guid: 4aae0964802a3c04d960869157baa41d,
        type: 3}
      propertyPath: m_RootOrder
      value: 1
      objectReference: {fileID: 0}
    - target: {fileID: 8651371292403314430, guid: 4aae0964802a3c04d960869157baa41d,
        type: 3}
      propertyPath: m_LocalEulerAnglesHint.x
      value: 0
      objectReference: {fileID: 0}
    - target: {fileID: 8651371292403314430, guid: 4aae0964802a3c04d960869157baa41d,
        type: 3}
      propertyPath: m_LocalEulerAnglesHint.y
      value: 0
      objectReference: {fileID: 0}
    - target: {fileID: 8651371292403314430, guid: 4aae0964802a3c04d960869157baa41d,
        type: 3}
      propertyPath: m_LocalEulerAnglesHint.z
      value: 0
      objectReference: {fileID: 0}
    m_RemovedComponents: []
  m_SourcePrefab: {fileID: 100100000, guid: 4aae0964802a3c04d960869157baa41d, type: 3}
--- !u!4 &4262885698622892201 stripped
Transform:
  m_CorrespondingSourceObject: {fileID: 8651371292403314430, guid: 4aae0964802a3c04d960869157baa41d,
    type: 3}
  m_PrefabInstance: {fileID: 4838862367019533911}
  m_PrefabAsset: {fileID: 0}
--- !u!1001 &4838862367031823808
PrefabInstance:
  m_ObjectHideFlags: 0
  serializedVersion: 2
  m_Modification:
    m_TransformParent: {fileID: 4838862366070609434}
    m_Modifications:
    - target: {fileID: 8651371292403314425, guid: 4aae0964802a3c04d960869157baa41d,
        type: 3}
      propertyPath: m_Name
      value: Peg (2)
      objectReference: {fileID: 0}
    - target: {fileID: 8651371292403314430, guid: 4aae0964802a3c04d960869157baa41d,
        type: 3}
      propertyPath: m_LocalPosition.x
      value: 10
      objectReference: {fileID: 0}
    - target: {fileID: 8651371292403314430, guid: 4aae0964802a3c04d960869157baa41d,
        type: 3}
      propertyPath: m_LocalPosition.y
      value: 5
      objectReference: {fileID: 0}
    - target: {fileID: 8651371292403314430, guid: 4aae0964802a3c04d960869157baa41d,
        type: 3}
      propertyPath: m_LocalPosition.z
      value: 0
      objectReference: {fileID: 0}
    - target: {fileID: 8651371292403314430, guid: 4aae0964802a3c04d960869157baa41d,
        type: 3}
      propertyPath: m_LocalRotation.x
      value: -0
      objectReference: {fileID: 0}
    - target: {fileID: 8651371292403314430, guid: 4aae0964802a3c04d960869157baa41d,
        type: 3}
      propertyPath: m_LocalRotation.y
      value: -0
      objectReference: {fileID: 0}
    - target: {fileID: 8651371292403314430, guid: 4aae0964802a3c04d960869157baa41d,
        type: 3}
      propertyPath: m_LocalRotation.z
      value: -0
      objectReference: {fileID: 0}
    - target: {fileID: 8651371292403314430, guid: 4aae0964802a3c04d960869157baa41d,
        type: 3}
      propertyPath: m_LocalRotation.w
      value: 1
      objectReference: {fileID: 0}
    - target: {fileID: 8651371292403314430, guid: 4aae0964802a3c04d960869157baa41d,
        type: 3}
      propertyPath: m_RootOrder
      value: 2
      objectReference: {fileID: 0}
    - target: {fileID: 8651371292403314430, guid: 4aae0964802a3c04d960869157baa41d,
        type: 3}
      propertyPath: m_LocalEulerAnglesHint.x
      value: 0
      objectReference: {fileID: 0}
    - target: {fileID: 8651371292403314430, guid: 4aae0964802a3c04d960869157baa41d,
        type: 3}
      propertyPath: m_LocalEulerAnglesHint.y
      value: 0
      objectReference: {fileID: 0}
    - target: {fileID: 8651371292403314430, guid: 4aae0964802a3c04d960869157baa41d,
        type: 3}
      propertyPath: m_LocalEulerAnglesHint.z
      value: 0
      objectReference: {fileID: 0}
    m_RemovedComponents: []
  m_SourcePrefab: {fileID: 100100000, guid: 4aae0964802a3c04d960869157baa41d, type: 3}
--- !u!4 &4262885698618925886 stripped
Transform:
  m_CorrespondingSourceObject: {fileID: 8651371292403314430, guid: 4aae0964802a3c04d960869157baa41d,
    type: 3}
  m_PrefabInstance: {fileID: 4838862367031823808}
  m_PrefabAsset: {fileID: 0}
--- !u!1001 &4838862367044713512
PrefabInstance:
  m_ObjectHideFlags: 0
  serializedVersion: 2
  m_Modification:
    m_TransformParent: {fileID: 4838862366070609434}
    m_Modifications:
    - target: {fileID: 8651371292403314425, guid: 4aae0964802a3c04d960869157baa41d,
        type: 3}
      propertyPath: m_Name
      value: Peg
      objectReference: {fileID: 0}
    - target: {fileID: 8651371292403314430, guid: 4aae0964802a3c04d960869157baa41d,
        type: 3}
      propertyPath: m_LocalPosition.x
      value: 0
      objectReference: {fileID: 0}
    - target: {fileID: 8651371292403314430, guid: 4aae0964802a3c04d960869157baa41d,
        type: 3}
      propertyPath: m_LocalPosition.y
      value: 0
      objectReference: {fileID: 0}
    - target: {fileID: 8651371292403314430, guid: 4aae0964802a3c04d960869157baa41d,
        type: 3}
      propertyPath: m_LocalPosition.z
      value: 0
      objectReference: {fileID: 0}
    - target: {fileID: 8651371292403314430, guid: 4aae0964802a3c04d960869157baa41d,
        type: 3}
      propertyPath: m_LocalRotation.x
      value: 0
      objectReference: {fileID: 0}
    - target: {fileID: 8651371292403314430, guid: 4aae0964802a3c04d960869157baa41d,
        type: 3}
      propertyPath: m_LocalRotation.y
      value: 0
      objectReference: {fileID: 0}
    - target: {fileID: 8651371292403314430, guid: 4aae0964802a3c04d960869157baa41d,
        type: 3}
      propertyPath: m_LocalRotation.z
      value: 0
      objectReference: {fileID: 0}
    - target: {fileID: 8651371292403314430, guid: 4aae0964802a3c04d960869157baa41d,
        type: 3}
      propertyPath: m_LocalRotation.w
      value: 1
      objectReference: {fileID: 0}
    - target: {fileID: 8651371292403314430, guid: 4aae0964802a3c04d960869157baa41d,
        type: 3}
      propertyPath: m_RootOrder
      value: 0
      objectReference: {fileID: 0}
    - target: {fileID: 8651371292403314430, guid: 4aae0964802a3c04d960869157baa41d,
        type: 3}
      propertyPath: m_LocalEulerAnglesHint.x
      value: 0
      objectReference: {fileID: 0}
    - target: {fileID: 8651371292403314430, guid: 4aae0964802a3c04d960869157baa41d,
        type: 3}
      propertyPath: m_LocalEulerAnglesHint.y
      value: 0
      objectReference: {fileID: 0}
    - target: {fileID: 8651371292403314430, guid: 4aae0964802a3c04d960869157baa41d,
        type: 3}
      propertyPath: m_LocalEulerAnglesHint.z
      value: 0
      objectReference: {fileID: 0}
    m_RemovedComponents: []
  m_SourcePrefab: {fileID: 100100000, guid: 4aae0964802a3c04d960869157baa41d, type: 3}
--- !u!4 &4262885698597720790 stripped
Transform:
  m_CorrespondingSourceObject: {fileID: 8651371292403314430, guid: 4aae0964802a3c04d960869157baa41d,
    type: 3}
  m_PrefabInstance: {fileID: 4838862367044713512}
  m_PrefabAsset: {fileID: 0}
